@manual{sample,
  organization = {TU Dortmund, Fakultät Physik},
  title = {Versuch zum Literaturverzeichnis},
  year = 2014
}

# Grundpraktikum 1

@manual{v206,
  organization = {TU Dortmund, Fakultät Physik},
  title = {Versuchsanleitung „Die Wärmepumpe“},
  year = 2021
}

@manual{v500,
  organization = {TU Dortmund, Fakultät Physik},
  title = {Versuchsanleitung „Fotoeffekt“},
  year = 2022
}

@manual{v308,
  organization = {TU Dortmund, Fakultät Physik},
  title = {Versuchsanleitung „Spulen und Magnetfelder“},
  year = 2021
}

@manual{v355,
  organization = {TU Dortmund, Fakultät Physik},
  title = {Versuchsanleitung „Gekoppelte Schwingkreise“},
  year = 2021
}

@manual{v354,
  organization = {TU Dortmund, Fakultät Physik},
  title = {Versuchsanleitung „Gedämpfte und erzwungene Schwingungen“},
  year = 2021
}

@manual{v101,
  organization = {TU Dortmund, Fakultät Physik},
  title = {Versuchsanleitung „Trägheitsmoment“},
  year = 2021
}

@manual{v103,
  organization = {TU Dortmund, Fakultät Physik},
  title = {Versuchsanleitung „Trägheitsmoment“},
  year = 2021
}

@manual{v203,
  organization = {TU Dortmund, Fakultät Physik},
  title = {Versuchsanleitung „Verdampfungswärme und Dampfdruckkurve“},
  year = 2021
}

@manual{v302,
  organization = {TU Dortmund, Fakultät Physik},
  title = {Versuchsanleitung „Elektrische Brückenschaltungen“},
  year = 2021
}

@manual{v353,
  organization = {TU Dortmund, Fakultät Physik},
  title = {Versuchsanleitung „Das Relaxionsverhalten eines RC Kreises“},
  year = 2021
}

@book{demtroeder1,
  title        = {Experimentalphysik 1},
  subtitle     = {Mechanik und Wärme},
  author       = {Demtröder, Wolfgang},
  year         = {2018},
  isbn         = {978-3-662-54846-2},
  publisher    = {Springer Spektrum},
}

@article{enthalpy,
title = {
  Calculations of Freezing Point Depression, Boiling Point
  Elevation, Vapor Pressure and Enthalpies
  of Vaporization of Electrolyte Solutions by a Modified
  Three-Characteristic Parameter Correlation Model
},
author = {Ge, Xinlei and Wang, Xidong},
year = 2009,
journal = {Industrial and Engineering Chemistry Research},
volume = 48,
number = 4,
pages = {2229--2235},
doi = {10.1007/s10953-009-9433-0},
}

# Grundpraktikum 2

@manual{v504,
  organization = {TU Dortmund, Fakultät Physik},
  title = {Versuchsanleitung „Thermische Elektronenemission“},
  year = 2022
}

@online{constants,
url     = {https://physics.nist.gov/cuu/pdf/all.pdf},
urldate = {2022-04-10},
title   = {Fundamental Physical Constants — Extensive Listing},
author  = {Dr. Mohr et al.},
year    = {2019},
}

@online{austrittsarbeit,
url     = {http://vel4lib.de/56740X/daten/pdf_tabs/q.pdf},
urldate = {2022-04-18},
title   = {Tabellen zur Quantenphysik},
author  = {Kuchling, Horst},
year    = {2019},
}